@article{Sharp:2019:VHM,
 author = {Sharp, Nicholas and Soliman, Yousuf and Crane, Keenan},
 title = {The Vector Heat Method},
 journal = {ACM Trans. Graph.},
 volume = {38},
 number = {3},
 year = {2019},
 publisher = {ACM},
 address = {New York, NY, USA},
}
@book{Berline:1992:HKDO,
  title={Heat kernels and Dirac operators},
  author={Berline, N and Getzler, E and Vergne, M},
  year={1992},
}
